@inproceedings{vanhoef:2017,
  author        = {Mathy Vanhoef and Frank Piessens},
  title         = {Key Reinstallation Attacks: Forcing Nonce Reuse in {WPA2}},
  booktitle     = {Proceedings of the 24th ACM Conference on Computer and Communications Security (CCS)},
  year          = {2017},
  publisher     = {ACM}
}
